
@inproceedings{Beamer,
  author    = {Tomoto Masuda},
  title     = {Beamer Theme},
  booktitle = {How to write beautiful \LaTeX},
  year      = {2024},
  url       = {https://www.overleaf.com/project},
}