@article{Kim2014ARetention,
    title = {{A nationally representative economic survey five months after the Haitian earthquake: Radical changes in household members and gender discrepancy in employment retention}},
    year = {2014},
    journal = {Statistical journal of the IAOS},
    author = {Kim, Ryung S and Ashley, James D and Corcoran, M},
    pages = {341--346},
    volume = {30},
    doi = {10.3233/SJI-140846}
}

@article{Sun2021EstimatingEffects,
    title = {{Estimating dynamic treatment effects in event studies with heterogeneous treatment effects}},
    year = {2021},
    journal = {Journal of Econometrics},
    author = {Sun, Liyang and Abraham, Sarah},
    number = {2},
    month = {12},
    pages = {175--199},
    volume = {225},
    publisher = {North-Holland},
    doi = {10.1016/J.JECONOM.2020.09.006},
    issn = {0304-4076},
    arxivId = {1804.05785},
    keywords = {Difference-in-differences, Pretrend test, Two-way fixed effects}
}

@techreport{Canessa2021WomensShocks,
    title = {{Women's Employment and Natural Shocks}},
    year = {2021},
    author = {Canessa, Eugenia and Giannelli, Gianna Claudia},
    number = {14055},
    publisher = {Institute of Labor Economics (IZA)},
    url = {https://hdl.handle.net/10419/232807},
    address = {Bonn},
    keywords = {F66; J16; Q12; Q54; 330; Bangladesh; flood; shock-coping strategy; women's employment; intrahousehold bargaining},
    language = {eng}
}